<?xml version="1.0" encoding="UTF-8"?><record xmlns="http://www.loc.gov/MARC21/slim" xmlns:cinclude="http://apache.org/cocoon/include/1.0" xmlns:zs="http://www.loc.gov/zing/srw/">
  <leader>00742cz  a2200181n  4500</leader>
  <controlfield tag="001">n  93062004 </controlfield>
  <controlfield tag="003">DLC</controlfield>
  <controlfield tag="005">20001018070416.0</controlfield>
  <controlfield tag="008">930630n| acannaabn          |a aaa      </controlfield>
  <datafield tag="010" ind1=" " ind2=" ">
    <subfield code="a">n  93062004 </subfield>
  </datafield>
  <datafield tag="035" ind1=" " ind2=" ">
    <subfield code="a">(OCoLC)oca03401844</subfield>
  </datafield>
  <datafield tag="040" ind1=" " ind2=" ">
    <subfield code="a">DLC</subfield>
    <subfield code="b">eng</subfield>
    <subfield code="c">DLC</subfield>
    <subfield code="d">DLC</subfield>
    <subfield code="d">OCoLC</subfield>
  </datafield>
  <datafield tag="100" ind1="1" ind2=" ">
    <subfield code="a">Otamendi Rodríguez-Bethencourt, Juan José</subfield>
  </datafield>
  <datafield tag="400" ind1="1" ind2=" ">
    <subfield code="a">Rodríguez-Bethencourt, Juan José Otamendi</subfield>
  </datafield>
  <datafield tag="400" ind1="1" ind2=" ">
    <subfield code="a">Bethencourt, Juan José Otamendi Rodríguez-</subfield>
  </datafield>
  <datafield tag="400" ind1="1" ind2=" ">
    <subfield code="a">Otamendi Rodríguez-Bethencourt, J.J.</subfield>
    <subfield code="q">(Juan José)</subfield>
  </datafield>
  <datafield tag="400" ind1="1" ind2=" ">
    <subfield code="a">Otamendi, Juan José</subfield>
  </datafield>
  <datafield tag="670" ind1=" " ind2=" ">
    <subfield code="a">La Ley 3/91 de competencia desleal, c1992:</subfield>
    <subfield code="b">t.p. (Juan José Otamendi Rodríguez-Bethencourt) t.p. verso (J.J. Otamendi Rodríguez-Bethencourt) cover (Juan José Otamendi)</subfield>
  </datafield>
</record>